<record><leader>00000cas a22000007a 4500</leader><controlfield tag="001">16072824</controlfield><controlfield tag="008">870625d1899190ualuwr ne      0    0eng d</controlfield><datafield ind1=" " ind2=" " tag="010"><subfield code="a">sn 87050206 </subfield></datafield><datafield ind1=" " ind2=" " tag="040"><subfield code="a">CPN</subfield><subfield code="b">eng</subfield><subfield code="c">CPN</subfield><subfield code="d">OCLCQ</subfield></datafield><datafield ind1=" " ind2=" " tag="042"><subfield code="a">msc</subfield></datafield><datafield ind1="0" ind2="0" tag="245"><subfield code="a">Tuscaloosa weekly times.</subfield></datafield><datafield ind1="1" ind2="7" tag="246"><subfield code="a">Tuscaloosa times</subfield></datafield><datafield ind1=" " ind2=" " tag="260"><subfield code="a">Tuscaloosa, Ala. :</subfield><subfield code="b">Wm. C. Jemison,</subfield><subfield code="c">1899-</subfield></datafield><datafield ind1=" " ind2=" " tag="310"><subfield code="a">Weekly</subfield></datafield><datafield ind1="0" ind2=" " tag="362"><subfield code="a">Oct. 13, 1899-July 6, 1901 ; v. 71, no. 14 (July 12, 1901)-</subfield></datafield><datafield ind1=" " ind2=" " tag="515"><subfield code="a">Numbering is irregular.</subfield></datafield><datafield ind1=" " ind2=" " tag="515"><subfield code="a">No volume or issue numbers until v. 71, no. 14 (July 12, 1901).</subfield></datafield><datafield ind1=" " ind2=" " tag="752"><subfield code="a">United States</subfield><subfield code="b">Alabama</subfield><subfield code="c">Tuscaloosa</subfield><subfield code="d">Tuscaloosa.</subfield></datafield><datafield ind1="0" ind2=" " tag="775"><subfield code="t">Tuscaloosa times (Tuscaloosa, Ala.)</subfield><subfield code="w">(DLC)sn 89050018</subfield></datafield><datafield ind1="0" ind2="0" tag="780"><subfield code="t">Tuscaloosa times</subfield><subfield code="w">(DLC)sn 84023610</subfield></datafield><datafield ind1="0" ind2="5" tag="780"><subfield code="t">Tuscaloosa sun</subfield><subfield code="w">(DLC)sn 86050352</subfield></datafield><datafield ind1="0" ind2="7" tag="785"><subfield code="t">Tuskaloosa gazette</subfield><subfield code="w">(DLC)sn 84023611</subfield></datafield><datafield ind1="0" ind2="7" tag="785"><subfield code="t">Tuscaloosa times-gazette (Tuscaloosa, Ala.)</subfield><subfield code="w">(DLC)sn 89050022</subfield></datafield></record>